<?xml version="1.0" encoding="UTF-8"?><collection xmlns="http://www.loc.gov/MARC21/slim"><record><leader>00399nam--2200145-i-4500</leader><controlfield tag="001">000049330</controlfield><controlfield tag="002">20161230</controlfield><controlfield tag="005">20161230201047</controlfield><controlfield tag="008">060222s1000------------r-----000-0-eng-d</controlfield><datafield ind1=" " ind2=" " tag="080"><subfield code="a">515.124</subfield></datafield><datafield ind1=" " ind2=" " tag="100"><subfield code="a">Aleksandrov,P.S</subfield></datafield><datafield ind1=" " ind2=" " tag="245"><subfield code="a">Teoriia razmernosti i smezhnye voprosy: ctati obshchego haraktera</subfield></datafield><datafield ind1=" " ind2=" " tag="260"><subfield code="a">Moskva, Nauka, 1978. 430 S</subfield></datafield><datafield ind1=" " ind2=" " tag="852"><subfield code="a">47158</subfield><subfield code="c">515/516</subfield></datafield><datafield ind1=" " ind2=" " tag="CAT"><subfield code="a">Sys</subfield><subfield code="c">20080616</subfield><subfield code="h">081231</subfield></datafield></record></collection>